<?xml version="1.0" encoding="UTF-8"?><record xmlns="http://www.loc.gov/MARC21/slim" xmlns:cinclude="http://apache.org/cocoon/include/1.0" xmlns:zs="http://www.loc.gov/zing/srw/">
  <leader>00603cz  a2200145n  4500</leader>
  <controlfield tag="001">no2002010371</controlfield>
  <controlfield tag="003">DLC</controlfield>
  <controlfield tag="005">20120815081414.0</controlfield>
  <controlfield tag="008">020207n| acannaabn          |n ana     c</controlfield>
  <datafield tag="010" ind1=" " ind2=" ">
    <subfield code="a">no2002010371</subfield>
  </datafield>
  <datafield tag="035" ind1=" " ind2=" ">
    <subfield code="a">(OCoLC)oca05686021</subfield>
  </datafield>
  <datafield tag="040" ind1=" " ind2=" ">
    <subfield code="a">WU</subfield>
    <subfield code="b">eng</subfield>
    <subfield code="c">WU</subfield>
    <subfield code="d">DLC</subfield>
  </datafield>
  <datafield tag="111" ind1="2" ind2=" ">
    <subfield code="a">Deutscher Evangelischer Kirchentag</subfield>
    <subfield code="n">(10th :</subfield>
    <subfield code="d">1961 :</subfield>
    <subfield code="c">Berlin, Germany)</subfield>
  </datafield>
  <datafield tag="667" ind1=" " ind2=" ">
    <subfield code="a">THIS 1XX FIELD CANNOT BE USED UNDER RDA UNTIL THIS RECORD HAS BEEN REVIEWED AND/OR UPDATED</subfield>
  </datafield>
  <datafield tag="670" ind1=" " ind2=" ">
    <subfield code="a">ReligioĚse Graphik des deutschen Expressionismus, 1961:</subfield>
    <subfield code="b">t.p. (Ausstellung veranstaltet vom. 10. Deutschen Evangelischen Kirchentag, Berlin, 1961)</subfield>
  </datafield>
</record>